<?xml version="1.0" encoding="UTF-8" ?>
<collection xmlns:xsi="http://www.w3.org/2001/XMLSchema-instance"
    xsi:schemaLocation="http://www.loc.gov/MARC21/slim
        http://www.loc.gov/standards/marcxml/schema/MARC21slim.xsd"
    xmlns="http://www.loc.gov/MARC21/slim">
<record>
  <leader>00302cam a2200601 i 4500</leader>
  <controlfield tag="001">b12537949</controlfield>
  <controlfield tag="003">LeBAU</controlfield>
  <controlfield tag="005">20200707</controlfield>
  <controlfield tag="008">970725s1950    ua ah    b    ||1 0 ara d</controlfield>
  <datafield tag="035" ind1=" " ind2=" ">
    <subfield code="a">ocn784393608</subfield>
  </datafield>
  <datafield tag="040" ind1=" " ind2=" ">
    <subfield code="a">LEAUB</subfield>
    <subfield code="b">ara</subfield>
    <subfield code="e">rda</subfield>
    <subfield code="c">LEAUB</subfield>
    <subfield code="d">LEAUB</subfield>
  </datafield>
  <datafield tag="082" ind1="0" ind2="4">
    <subfield code="a">892.76</subfield>
    <subfield code="2">23</subfield>
  </datafield>
  <datafield tag="100" ind1="1" ind2=" ">
    <subfield code="6">880-01</subfield>
    <subfield code="a">Abū al-ʻAlāʼ al-Maʻarrī,</subfield>
    <subfield code="d">973-1057.</subfield>
    <subfield code="e">author.</subfield>
    <subfield code="0">http://id.loc.gov/authorities/names/n82078403 ,</subfield>
  </datafield>
  <datafield tag="245" ind1="1" ind2="0">
    <subfield code="6">880-02</subfield>
    <subfield code="a">Risālat al-Ghufrān /</subfield>
    <subfield code="c">li-Abī al-ʻAlāʼ al-Maʻarrī, 363-449 H. ; taḥqīq wa-sharḥ al-Duktūrah Bint al-Shāṭiʼ, bi-Jāmiʻat ʻAyn Shams. Wa-maʻahā "Risālat ibn al-Qāriḥ" miftāḥ fahmihā.</subfield>
  </datafield>
  <datafield tag="250" ind1=" " ind2=" ">
    <subfield code="6">880-03</subfield>
    <subfield code="a">Ṭabʻah thāniyah, munaqqaḥah mustakmalat al-taḥqīq bi-makhṭūṭah jadīdah.</subfield>
  </datafield>
  <datafield tag="264" ind1=" " ind2="1">
    <subfield code="6">880-04</subfield>
    <subfield code="a">Miṣr :</subfield>
    <subfield code="b">Dār al-Maʻārif,</subfield>
    <subfield code="c">1950.</subfield>
  </datafield>
  <datafield tag="300" ind1=" " ind2=" ">
    <subfield code="6">880-05</subfield>
    <subfield code="a">624 pages, 7 unnumbered leaves of plates :</subfield>
    <subfield code="b">illustrations, facsimiles ;</subfield>
    <subfield code="c">25 cm.</subfield>
  </datafield>
  <datafield tag="336" ind1=" " ind2=" ">
    <subfield code="a">text</subfield>
    <subfield code="b">txt</subfield>
    <subfield code="2">rdacontent</subfield>
  </datafield>
  <datafield tag="336" ind1=" " ind2=" ">
    <subfield code="a">still image</subfield>
    <subfield code="b">sti</subfield>
    <subfield code="2">rdacontent</subfield>
  </datafield>
  <datafield tag="337" ind1=" " ind2=" ">
    <subfield code="a">unmediated</subfield>
    <subfield code="b">n</subfield>
    <subfield code="2">rdamedia</subfield>
  </datafield>
  <datafield tag="338" ind1=" " ind2=" ">
    <subfield code="a">volume</subfield>
    <subfield code="b">nc</subfield>
    <subfield code="2">rdacarrier</subfield>
  </datafield>
  <datafield tag="490" ind1="1" ind2=" ">
    <subfield code="6">880-06</subfield>
    <subfield code="a">Dhakhāʼir al-ʻArab ;</subfield>
    <subfield code="v">4</subfield>
  </datafield>
  <datafield tag="500" ind1=" " ind2=" ">
    <subfield code="a">"إستحق هذا النص المحقق جائزة المجمع اللغوي عام 1950، وأقيم عليه درس للغفران بإشراف معالي الدكتور طه حسين، إستحق درجة الدكتوراه في الآداب بتقدير ممتاز من جامعة فؤاد الأول."</subfield>
  </datafield>
  <datafield tag="504" ind1=" " ind2=" ">
    <subfield code="a">يتضمن مراجع ببليوغرافية وكشافات.</subfield>
  </datafield>
  <datafield tag="655" ind1=" " ind2="4">
    <subfield code="a">مراسلات.</subfield>
  </datafield>
  <datafield tag="655" ind1=" " ind2="0">
    <subfield code="a">Correspondences.</subfield>
  </datafield>
  <datafield tag="700" ind1="1" ind2="2">
    <subfield code="6">880-07</subfield>
    <subfield code="a">Ibn al-Qāriḥ, ʻAlī ibn Manṣūr,</subfield>
    <subfield code="d">962-</subfield>
    <subfield code="t">Risālah.</subfield>
  </datafield>
  <datafield tag="700" ind1="0" ind2=" ">
    <subfield code="6">880-08</subfield>
    <subfield code="a">Bint al-Shāṭiʼ.</subfield>
    <subfield code="e">annotator.</subfield>
    <subfield code="0">http://id.loc.gov/authorities/names/n79045867 ,</subfield>
  </datafield>
  <datafield tag="700" ind1="0" ind2=" ">
    <subfield code="6">880-09</subfield>
    <subfield code="a">Bint al-Shāṭiʼ.</subfield>
    <subfield code="e">compiler</subfield>
    <subfield code="0">http://id.loc.gov/authorities/names/n79045867 ,</subfield>
  </datafield>
  <datafield tag="775" ind1="0" ind2="8">
    <subfield code="6">880-10</subfield>
    <subfield code="i">has designation of edition</subfield>
    <subfield code="4">http://rdaregistry.info/Elements/m/P30133 :</subfield>
    <subfield code="a">Abū al-ʻAlāʼ al-Maʻarrī, 973-1057.</subfield>
    <subfield code="t">Risālat al-ghufrān.</subfield>
    <subfield code="b">al-Ṭabʻah al-thālithah.</subfield>
    <subfield code="d">al-Qāhirah : Dār al-Maʻārif, 1963</subfield>
    <subfield code="w">(OCoLC)784393598</subfield>
    <subfield code="w">(OCoLC)784393598</subfield>
  </datafield>
  <datafield tag="775" ind1="0" ind2="8">
    <subfield code="6">880-11</subfield>
    <subfield code="i">has designation of a named revision of an edition</subfield>
    <subfield code="4">http://rdaregistry.info/Elements/m/P30132 :</subfield>
    <subfield code="a">Abū al-ʻAlāʼ al-Maʻarrī, 973-1057.</subfield>
    <subfield code="t">Risālat al-ghufrān.</subfield>
    <subfield code="b">al-Ṭabʻah al-khāmisah, murājaʻah ʻalá jadīd mā nushira min uṣūl lughawīyah wa-adabīyah.</subfield>
    <subfield code="d">al-Qāhirah : Dār al-Maʻārif, 1969</subfield>
    <subfield code="w">(LEAUB)b20621917</subfield>
  </datafield>
  <datafield tag="775" ind1="0" ind2="8">
    <subfield code="6">880-12</subfield>
    <subfield code="i">has designation of a named revision of an edition</subfield>
    <subfield code="4">http://rdaregistry.info/Elements/m/P30132 :</subfield>
    <subfield code="a">Abū al-ʻAlāʼ al-Maʻarrī, 973-1057.</subfield>
    <subfield code="t">Risālat al-ghufrān.</subfield>
    <subfield code="b">al-Ṭabʻah al-tāsiʻah, murājaʻah ʻalá jadīd mā nushira min uṣūl lughawīyah wa-adabīyah.</subfield>
    <subfield code="d">al-Qāhirah : Dār al-Maʻārif, 1993</subfield>
    <subfield code="w">(OCoLC)784393620</subfield>
    <subfield code="w">(OCoLC)784393620</subfield>
  </datafield>
  <datafield tag="787" ind1="0" ind2="8">
    <subfield code="6">880-13</subfield>
    <subfield code="i">is critiqued in (work)</subfield>
    <subfield code="4">http://rdaregistry.info/Elements/w/P10115 :</subfield>
    <subfield code="a">Bint al-Shāṭiʼ.</subfield>
    <subfield code="t">Ghufrān li-Abī al-ʻAlāʼ al-Maʻarrī : taḥqīq wa-dars.</subfield>
    <subfield code="d">Miṣr : Dār al-Maʻārif, 1954.</subfield>
    <subfield code="w">(LEAUB)b12551648</subfield>
  </datafield>
  <datafield tag="830" ind1=" " ind2="0">
    <subfield code="6">880-14</subfield>
    <subfield code="a">Dhakhāʼir al-ʻArab ;</subfield>
    <subfield code="v">4.</subfield>
  </datafield>
  <datafield tag="852" ind1=" " ind2=" ">
    <subfield code="a">Jafet Library</subfield>
    <subfield code="e">American University of Beirut, Bliss Street , Beirut, Lebanon.</subfield>
  </datafield>
  <datafield tag="880" ind1="1" ind2=" ">
    <subfield code="6">100-01/(3/r</subfield>
    <subfield code="a">أبو العلاء المعري،</subfield>
    <subfield code="d">973-1057،</subfield>
    <subfield code="0">http://id.loc.gov/authorities/names/n82078403 ,</subfield>
    <subfield code="e">مؤلف. </subfield>
    <subfield code="4">aut.</subfield>
  </datafield>
  <datafield tag="880" ind1="1" ind2="0">
    <subfield code="6">245-02/(3/r</subfield>
    <subfield code="a">رسالة الغفران /</subfield>
    <subfield code="c">لأبي العلاء المعري، 363-449 هـ. ؛ تحقيق وشرح الدكتورة بنت الشاطىء، بجامعة عين شمس. ومعها "رسالة ابن القارح" مفتاح فهمها.</subfield>
  </datafield>
  <datafield tag="880" ind1=" " ind2=" ">
    <subfield code="6">250-03/(3/r</subfield>
    <subfield code="a">طبعة ثانية، منقحة مستكملة التحقيق بمخطوطة جديدة.</subfield>
  </datafield>
  <datafield tag="880" ind1=" " ind2="1">
    <subfield code="6">264-04/(3/r</subfield>
    <subfield code="a">مصر :</subfield>
    <subfield code="b">دار المعارف،</subfield>
    <subfield code="c">1950.</subfield>
  </datafield>
  <datafield tag="880" ind1="1" ind2=" ">
    <subfield code="6">490-06/(3/r</subfield>
    <subfield code="a">ذخائر العرب ؛</subfield>
    <subfield code="v">4</subfield>
  </datafield>
  <datafield tag="880" ind1=" " ind2=" ">
    <subfield code="6">300-05/(3/r</subfield>
    <subfield code="a">624 صفحة، 7 ورقات لوحات غير مرقمة :</subfield>
    <subfield code="b">مصورات، صور طبق الأصل ؛</subfield>
    <subfield code="c">25 سم.</subfield>
  </datafield>
  <datafield tag="880" ind1="1" ind2="2">
    <subfield code="6">700-07/(3/r</subfield>
    <subfield code="a">إبن القارح، علي بن منصور،</subfield>
    <subfield code="d">963-</subfield>
    <subfield code="t">رسالة.</subfield>
  </datafield>
  <datafield tag="880" ind1="0" ind2=" ">
    <subfield code="6">700-08/(3/r</subfield>
    <subfield code="a">بنت الشاطئ،</subfield>
    <subfield code="0">http://id.loc.gov/authorities/names/n79045867 ,</subfield>
    <subfield code="e">محقق. </subfield>
    <subfield code="4">ann.</subfield>
  </datafield>
  <datafield tag="880" ind1="0" ind2=" ">
    <subfield code="6">700-09/(3/r</subfield>
    <subfield code="a">بنت الشاطئ،</subfield>
    <subfield code="0">http://id.loc.gov/authorities/names/n79045867 ,</subfield>
    <subfield code="e">معد. </subfield>
    <subfield code="4">com.</subfield>
  </datafield>
  <datafield tag="880" ind1="0" ind2=" ">
    <subfield code="6">775-10/(3/r</subfield>
    <subfield code="i">دلالة على الطبعة</subfield>
    <subfield code="4">http://rdaregistry.info/Elements/m/P30133 :</subfield>
    <subfield code="a">أبو العلاء المعري، 973-1057.</subfield>
    <subfield code="t">رسالة الغفران.</subfield>
    <subfield code="b">الطبعة الثالثة.</subfield>
    <subfield code="d">القاهرة : دار المعارف، 1963</subfield>
    <subfield code="w">(LEAUB)b2537925</subfield>
    <subfield code="w">(OCoLC)784393598</subfield>
  </datafield>
  <datafield tag="880" ind1="0" ind2=" ">
    <subfield code="6">775-11/(3/r</subfield>
    <subfield code="i">دلالة على طبعة منقحة</subfield>
    <subfield code="4">http://rdaregistry.info/Elements/m/P30132 :</subfield>
    <subfield code="a">أبو العلاء المعري، 973-1057.</subfield>
    <subfield code="t">رسالة الغفران.</subfield>
    <subfield code="b">الطبعة الخامسة، مراجعة على جديد ما نشر من أصول لغوية وأدبية.</subfield>
    <subfield code="d">القاهرة : دار المعارف بمصر، 1969</subfield>
    <subfield code="w">(LEAUB)b20621917</subfield>
  </datafield>
  <datafield tag="880" ind1="0" ind2=" ">
    <subfield code="6">775-12/(3/r</subfield>
    <subfield code="i">دلالة على طبعة منقحة</subfield>
    <subfield code="4">http://rdaregistry.info/Elements/m/P30132 :</subfield>
    <subfield code="a">أبو العلاء المعري، 973-1057.</subfield>
    <subfield code="t">رسالة الغفران.</subfield>
    <subfield code="b">الطبعة التاسعة، مراجعة على جديد ما نشر من اصول لغوية وادبية.</subfield>
    <subfield code="d">القاهرة : دار المعارف، 1993</subfield>
    <subfield code="w">(LEAUB)b12537974</subfield>
    <subfield code="w">(OCoLC)784393620</subfield>
  </datafield>
  <datafield tag="880" ind1="0" ind2="8">
    <subfield code="6">787-13/(3/r</subfield>
    <subfield code="i">منتقد في (عمل)</subfield>
    <subfield code="4">http://rdaregistry.info/Elements/w/P10115 :</subfield>
    <subfield code="a">بنت الشاطئ.</subfield>
    <subfield code="t">الغفران لأبي العلاء المعري : تحقيق ودرس.</subfield>
    <subfield code="d">مصر : دار المعارف، 1954</subfield>
    <subfield code="w">(LEAUB)b12551648</subfield>
  </datafield>
  <datafield tag="880" ind1=" " ind2="0">
    <subfield code="6">830-14/(3/r</subfield>
    <subfield code="a">ذخائر العرب ؛</subfield>
    <subfield code="v">4.</subfield>
  </datafield>
  <datafield tag="907" ind1=" " ind2=" ">
    <subfield code="a">.b12537949</subfield>
    <subfield code="b">20-07-27</subfield>
    <subfield code="c">11-05-24</subfield>
  </datafield>
  <datafield tag="907" ind1=" " ind2=" ">
    <subfield code="a">.b12537949</subfield>
    <subfield code="b">15-10-15</subfield>
    <subfield code="c">11-05-24</subfield>
  </datafield>
  <datafield tag="945" ind1=" " ind2=" ">
    <subfield code="f">J</subfield>
    <subfield code="a">892.76:A316r2A</subfield>
    <subfield code="i">01033950</subfield>
    <subfield code="j">.i13041307</subfield>
    <subfield code="l">u0503</subfield>
  </datafield>
  <datafield tag="998" ind1=" " ind2=" ">
    <subfield code="a">u05</subfield>
    <subfield code="b">97-07-25</subfield>
    <subfield code="c">m</subfield>
    <subfield code="d">a  </subfield>
    <subfield code="e">-</subfield>
    <subfield code="f">ara</subfield>
    <subfield code="g">ua </subfield>
    <subfield code="h">0</subfield>
    <subfield code="i">1</subfield>
  </datafield>
</record>
</collection>
